<record><leader>00000cas a22000007a 4500</leader><controlfield tag="001">18547526</controlfield><controlfield tag="008">880930d19001904mdudr ne      0    0eng d</controlfield><datafield ind1=" " ind2=" " tag="010"><subfield code="a">sn 88065717 </subfield></datafield><datafield ind1=" " ind2=" " tag="040"><subfield code="a">MFN</subfield><subfield code="b">eng</subfield><subfield code="c">MFN</subfield><subfield code="d">NVK</subfield><subfield code="d">OCLCQ</subfield><subfield code="d">OCLCF</subfield><subfield code="d">OCLCO</subfield></datafield><datafield ind1="1" ind2=" " tag="029"><subfield code="a">AU@</subfield><subfield code="b">000020547497</subfield></datafield><datafield ind1=" " ind2=" " tag="042"><subfield code="a">msc</subfield></datafield><datafield ind1=" " ind2=" " tag="043"><subfield code="a">n-us-md</subfield></datafield><datafield ind1=" " ind2="4" tag="050"><subfield code="a">AN41.16</subfield><subfield code="b">.M6</subfield></datafield><datafield ind1="0" ind2="0" tag="245"><subfield code="a">Baltimore morning herald.</subfield></datafield><datafield ind1="3" ind2="0" tag="246"><subfield code="a">Sunday herald</subfield></datafield><datafield ind1="3" ind2="0" tag="246"><subfield code="a">Baltimore Sunday herald</subfield></datafield><datafield ind1=" " ind2=" " tag="260"><subfield code="a">Baltimore [Md.] :</subfield><subfield code="b">Herald Pub. Co.</subfield></datafield><datafield ind1=" " ind2=" " tag="300"><subfield code="a">v.</subfield></datafield><datafield ind1=" " ind2=" " tag="310"><subfield code="a">Daily</subfield></datafield><datafield ind1="0" ind2=" " tag="362"><subfield code="a">Feb. 10, 1900-Feb. 26, 1900 ; whole no. 7838 (Feb. 27, 1900)-whole no. 9249 (Aug. 31, 1904).</subfield></datafield><datafield ind1=" " ind2=" " tag="500"><subfield code="a">On Sunday published as: Sunday herald, Feb. 11, 1900; and as: Baltimore Sunday herald, Feb. 18, 1900-1904.</subfield></datafield><datafield ind1=" " ind2="0" tag="651"><subfield code="a">Baltimore (Md.)</subfield><subfield code="v">Newspapers.</subfield></datafield><datafield ind1=" " ind2="7" tag="655"><subfield code="a">Newspapers.</subfield><subfield code="2">fast</subfield><subfield code="0">(OCoLC)fst01423814</subfield></datafield><datafield ind1=" " ind2="7" tag="651"><subfield code="a">Maryland</subfield><subfield code="z">Baltimore.</subfield><subfield code="2">fast</subfield><subfield code="0">(OCoLC)fst01204292</subfield></datafield><datafield ind1=" " ind2=" " tag="752"><subfield code="a">United States</subfield><subfield code="b">Maryland</subfield><subfield code="d">Baltimore.</subfield></datafield><datafield ind1="0" ind2=" " tag="775"><subfield code="t">Baltimore evening herald</subfield><subfield code="w">(DLC)sn 90057019</subfield></datafield><datafield ind1="0" ind2=" " tag="775"><subfield code="t">Weekly herald (Baltimore, Md.)</subfield><subfield code="w">(DLC)sn 88065718</subfield></datafield><datafield ind1="0" ind2="0" tag="780"><subfield code="t">Morning herald (Baltimore, Md.)</subfield><subfield code="w">(DLC)sn 88065715</subfield></datafield><datafield ind1="0" ind2="4" tag="785"><subfield code="t">Baltimore evening herald</subfield><subfield code="w">(DLC)sn 90057019</subfield></datafield></record>